%YAML 1.1
%TAG !u! tag:unity3d.com,2011:
--- !u!29 &1
OcclusionCullingSettings:
  m_ObjectHideFlags: 0
  serializedVersion: 2
  m_OcclusionBakeSettings:
    smallestOccluder: 5
    smallestHole: 0.25
    backfaceThreshold: 100
  m_SceneGUID: 00000000000000000000000000000000
  m_OcclusionCullingData: {fileID: 0}
--- !u!104 &2
RenderSettings:
  m_ObjectHideFlags: 0
  serializedVersion: 9
  m_Fog: 0
  m_FogColor: {r: 0.5, g: 0.5, b: 0.5, a: 1}
  m_FogMode: 3
  m_FogDensity: 0.01
  m_LinearFogStart: 0
  m_LinearFogEnd: 300
  m_AmbientSkyColor: {r: 0.212, g: 0.227, b: 0.259, a: 1}
  m_AmbientEquatorColor: {r: 0.114, g: 0.125, b: 0.133, a: 1}
  m_AmbientGroundColor: {r: 0.047, g: 0.043, b: 0.035, a: 1}
  m_AmbientIntensity: 1
  m_AmbientMode: 0
  m_SubtractiveShadowColor: {r: 0.42, g: 0.478, b: 0.627, a: 1}
  m_SkyboxMaterial: {fileID: 10304, guid: 0000000000000000f000000000000000, type: 0}
  m_HaloStrength: 0.5
  m_FlareStrength: 1
  m_FlareFadeSpeed: 3
  m_HaloTexture: {fileID: 0}
  m_SpotCookie: {fileID: 10001, guid: 0000000000000000e000000000000000, type: 0}
  m_DefaultReflectionMode: 0
  m_DefaultReflectionResolution: 128
  m_ReflectionBounces: 1
  m_ReflectionIntensity: 1
  m_CustomReflection: {fileID: 0}
  m_Sun: {fileID: 0}
  m_UseRadianceAmbientProbe: 0
--- !u!157 &3
LightmapSettings:
  m_ObjectHideFlags: 0
  serializedVersion: 12
  m_GIWorkflowMode: 1
  m_GISettings:
    serializedVersion: 2
    m_BounceScale: 1
    m_IndirectOutputScale: 1
    m_AlbedoBoost: 1
    m_EnvironmentLightingMode: 0
    m_EnableBakedLightmaps: 1
    m_EnableRealtimeLightmaps: 0
  m_LightmapEditorSettings:
    serializedVersion: 12
    m_Resolution: 2
    m_BakeResolution: 40
    m_AtlasSize: 1024
    m_AO: 0
    m_AOMaxDistance: 1
    m_CompAOExponent: 1
    m_CompAOExponentDirect: 0
    m_ExtractAmbientOcclusion: 0
    m_Padding: 2
    m_LightmapParameters: {fileID: 0}
    m_LightmapsBakeMode: 1
    m_TextureCompression: 1
    m_FinalGather: 0
    m_FinalGatherFiltering: 1
    m_FinalGatherRayCount: 256
    m_ReflectionCompression: 2
    m_MixedBakeMode: 2
    m_BakeBackend: 1
    m_PVRSampling: 1
    m_PVRDirectSampleCount: 32
    m_PVRSampleCount: 512
    m_PVRBounces: 2
    m_PVREnvironmentSampleCount: 256
    m_PVREnvironmentReferencePointCount: 2048
    m_PVRFilteringMode: 1
    m_PVRDenoiserTypeDirect: 1
    m_PVRDenoiserTypeIndirect: 1
    m_PVRDenoiserTypeAO: 1
    m_PVRFilterTypeDirect: 0
    m_PVRFilterTypeIndirect: 0
    m_PVRFilterTypeAO: 0
    m_PVREnvironmentMIS: 1
    m_PVRCulling: 1
    m_PVRFilteringGaussRadiusDirect: 1
    m_PVRFilteringGaussRadiusIndirect: 5
    m_PVRFilteringGaussRadiusAO: 2
    m_PVRFilteringAtrousPositionSigmaDirect: 0.5
    m_PVRFilteringAtrousPositionSigmaIndirect: 2
    m_PVRFilteringAtrousPositionSigmaAO: 1
    m_ExportTrainingData: 0
    m_TrainingDataDestination: TrainingData
    m_LightProbeSampleCountMultiplier: 4
  m_LightingDataAsset: {fileID: 0}
  m_LightingSettings: {fileID: 0}
--- !u!196 &4
NavMeshSettings:
  serializedVersion: 2
  m_ObjectHideFlags: 0
  m_BuildSettings:
    serializedVersion: 3
    agentTypeID: 0
    agentRadius: 0.5
    agentHeight: 2
    agentSlope: 45
    agentClimb: 0.4
    ledgeDropHeight: 0
    maxJumpAcrossDistance: 0
    minRegionArea: 2
    manualCellSize: 0
    cellSize: 0.16666667
    manualTileSize: 0
    tileSize: 256
    buildHeightMesh: 0
    maxJobWorkers: 0
    preserveTilesOutsideBounds: 0
    debug:
      m_Flags: 0
  m_NavMeshData: {fileID: 0}
--- !u!1001 &215429133
PrefabInstance:
  m_ObjectHideFlags: 0
  serializedVersion: 2
  m_Modification:
    serializedVersion: 3
    m_TransformParent: {fileID: 0}
    m_Modifications:
    - target: {fileID: 1565887663814566040, guid: 3e07eccb5e6f459d886de95044adb1d9, type: 3}
      propertyPath: m_Name
      value: Complete Teleport Area Set Up
      objectReference: {fileID: 0}
    - target: {fileID: 1565887663814566040, guid: 3e07eccb5e6f459d886de95044adb1d9, type: 3}
      propertyPath: m_IsActive
      value: 0
      objectReference: {fileID: 0}
    - target: {fileID: 1565887663814566041, guid: 3e07eccb5e6f459d886de95044adb1d9, type: 3}
      propertyPath: m_RootOrder
      value: 3
      objectReference: {fileID: 0}
    - target: {fileID: 1565887663814566041, guid: 3e07eccb5e6f459d886de95044adb1d9, type: 3}
      propertyPath: m_LocalScale.x
      value: 1000
      objectReference: {fileID: 0}
    - target: {fileID: 1565887663814566041, guid: 3e07eccb5e6f459d886de95044adb1d9, type: 3}
      propertyPath: m_LocalScale.z
      value: 1000
      objectReference: {fileID: 0}
    - target: {fileID: 1565887663814566041, guid: 3e07eccb5e6f459d886de95044adb1d9, type: 3}
      propertyPath: m_LocalPosition.x
      value: 0
      objectReference: {fileID: 0}
    - target: {fileID: 1565887663814566041, guid: 3e07eccb5e6f459d886de95044adb1d9, type: 3}
      propertyPath: m_LocalPosition.y
      value: -0.4
      objectReference: {fileID: 0}
    - target: {fileID: 1565887663814566041, guid: 3e07eccb5e6f459d886de95044adb1d9, type: 3}
      propertyPath: m_LocalPosition.z
      value: 0
      objectReference: {fileID: 0}
    - target: {fileID: 1565887663814566041, guid: 3e07eccb5e6f459d886de95044adb1d9, type: 3}
      propertyPath: m_LocalRotation.w
      value: 1
      objectReference: {fileID: 0}
    - target: {fileID: 1565887663814566041, guid: 3e07eccb5e6f459d886de95044adb1d9, type: 3}
      propertyPath: m_LocalRotation.x
      value: 0
      objectReference: {fileID: 0}
    - target: {fileID: 1565887663814566041, guid: 3e07eccb5e6f459d886de95044adb1d9, type: 3}
      propertyPath: m_LocalRotation.y
      value: 0
      objectReference: {fileID: 0}
    - target: {fileID: 1565887663814566041, guid: 3e07eccb5e6f459d886de95044adb1d9, type: 3}
      propertyPath: m_LocalRotation.z
      value: 0
      objectReference: {fileID: 0}
    - target: {fileID: 1565887663814566041, guid: 3e07eccb5e6f459d886de95044adb1d9, type: 3}
      propertyPath: m_LocalEulerAnglesHint.x
      value: 0
      objectReference: {fileID: 0}
    - target: {fileID: 1565887663814566041, guid: 3e07eccb5e6f459d886de95044adb1d9, type: 3}
      propertyPath: m_LocalEulerAnglesHint.y
      value: 0
      objectReference: {fileID: 0}
    - target: {fileID: 1565887663814566041, guid: 3e07eccb5e6f459d886de95044adb1d9, type: 3}
      propertyPath: m_LocalEulerAnglesHint.z
      value: 0
      objectReference: {fileID: 0}
    m_RemovedComponents: []
    m_RemovedGameObjects:
    - {fileID: 6895887226161143353, guid: 3e07eccb5e6f459d886de95044adb1d9, type: 3}
    - {fileID: 7313236516763210447, guid: 3e07eccb5e6f459d886de95044adb1d9, type: 3}
    - {fileID: 4205024581373840549, guid: 3e07eccb5e6f459d886de95044adb1d9, type: 3}
    - {fileID: 1565887663999455713, guid: 3e07eccb5e6f459d886de95044adb1d9, type: 3}
    m_AddedGameObjects:
    - targetCorrespondingSourceObject: {fileID: 1565887663814566041, guid: 3e07eccb5e6f459d886de95044adb1d9, type: 3}
      insertIndex: -1
      addedObject: {fileID: 631319927}
    m_AddedComponents:
    - targetCorrespondingSourceObject: {fileID: 1565887663814566040, guid: 3e07eccb5e6f459d886de95044adb1d9, type: 3}
      insertIndex: -1
      addedObject: {fileID: 1000775826}
    - targetCorrespondingSourceObject: {fileID: 1565887663814566040, guid: 3e07eccb5e6f459d886de95044adb1d9, type: 3}
      insertIndex: -1
      addedObject: {fileID: 1000775825}
    - targetCorrespondingSourceObject: {fileID: 1565887663814566040, guid: 3e07eccb5e6f459d886de95044adb1d9, type: 3}
      insertIndex: -1
      addedObject: {fileID: 1000775824}
  m_SourcePrefab: {fileID: 100100000, guid: 3e07eccb5e6f459d886de95044adb1d9, type: 3}
--- !u!1 &245781424 stripped
GameObject:
  m_CorrespondingSourceObject: {fileID: 8975337273357236284, guid: 895f6f3c2d334633b5800312285058d2, type: 3}
  m_PrefabInstance: {fileID: 659637133}
  m_PrefabAsset: {fileID: 0}
--- !u!54 &245781428
Rigidbody:
  m_ObjectHideFlags: 0
  m_CorrespondingSourceObject: {fileID: 0}
  m_PrefabInstance: {fileID: 0}
  m_PrefabAsset: {fileID: 0}
  m_GameObject: {fileID: 245781424}
  serializedVersion: 4
  m_Mass: 1
  m_Drag: 0
  m_AngularDrag: 0.05
  m_CenterOfMass: {x: 0, y: 0, z: 0}
  m_InertiaTensor: {x: 1, y: 1, z: 1}
  m_InertiaRotation: {x: 0, y: 0, z: 0, w: 1}
  m_IncludeLayers:
    serializedVersion: 2
    m_Bits: 64
  m_ExcludeLayers:
    serializedVersion: 2
    m_Bits: 0
  m_ImplicitCom: 1
  m_ImplicitTensor: 1
  m_UseGravity: 0
  m_IsKinematic: 1
  m_Interpolate: 0
  m_Constraints: 0
  m_CollisionDetection: 0
--- !u!1 &631319926
GameObject:
  m_ObjectHideFlags: 0
  m_CorrespondingSourceObject: {fileID: 0}
  m_PrefabInstance: {fileID: 0}
  m_PrefabAsset: {fileID: 0}
  serializedVersion: 6
  m_Component:
  - component: {fileID: 631319927}
  m_Layer: 0
  m_Name: SpawnPoints
  m_TagString: Untagged
  m_Icon: {fileID: 0}
  m_NavMeshLayer: 0
  m_StaticEditorFlags: 0
  m_IsActive: 1
--- !u!4 &631319927
Transform:
  m_ObjectHideFlags: 0
  m_CorrespondingSourceObject: {fileID: 0}
  m_PrefabInstance: {fileID: 0}
  m_PrefabAsset: {fileID: 0}
  m_GameObject: {fileID: 631319926}
  serializedVersion: 2
  m_LocalRotation: {x: 0, y: 0, z: 0, w: 1}
  m_LocalPosition: {x: 0, y: 0, z: 0}
  m_LocalScale: {x: 1, y: 1, z: 1}
  m_ConstrainProportionsScale: 0
  m_Children:
  - {fileID: 1948553135}
  - {fileID: 1489163102}
  - {fileID: 1292525833}
  - {fileID: 1855481417}
  m_Father: {fileID: 1000775827}
  m_LocalEulerAnglesHint: {x: 0, y: 0, z: 0}
--- !u!1001 &659637133
PrefabInstance:
  m_ObjectHideFlags: 0
  serializedVersion: 2
  m_Modification:
    serializedVersion: 3
    m_TransformParent: {fileID: 0}
    m_Modifications:
    - target: {fileID: 122084618895949332, guid: 895f6f3c2d334633b5800312285058d2, type: 3}
      propertyPath: m_IsActive
      value: 0
      objectReference: {fileID: 0}
    - target: {fileID: 139700479909346137, guid: 895f6f3c2d334633b5800312285058d2, type: 3}
      propertyPath: m_Radius
      value: 0.05
      objectReference: {fileID: 0}
    - target: {fileID: 139700479909346137, guid: 895f6f3c2d334633b5800312285058d2, type: 3}
      propertyPath: m_Material
      value: 
      objectReference: {fileID: 13400000, guid: b9733d27cfd4fac4c938bc32c7045aca, type: 2}
    - target: {fileID: 139700479909346137, guid: 895f6f3c2d334633b5800312285058d2, type: 3}
      propertyPath: m_IsTrigger
      value: 0
      objectReference: {fileID: 0}
    - target: {fileID: 139700479909346137, guid: 895f6f3c2d334633b5800312285058d2, type: 3}
      propertyPath: m_ProvidesContacts
      value: 1
      objectReference: {fileID: 0}
    - target: {fileID: 139700479909346137, guid: 895f6f3c2d334633b5800312285058d2, type: 3}
      propertyPath: m_ExcludeLayers.m_Bits
      value: 64
      objectReference: {fileID: 0}
    - target: {fileID: 819718564645134020, guid: 895f6f3c2d334633b5800312285058d2, type: 3}
      propertyPath: m_Layer
      value: 0
      objectReference: {fileID: 0}
    - target: {fileID: 1445903006387967389, guid: 895f6f3c2d334633b5800312285058d2, type: 3}
      propertyPath: m_Layer
      value: 0
      objectReference: {fileID: 0}
    - target: {fileID: 2003429336100451566, guid: 895f6f3c2d334633b5800312285058d2, type: 3}
      propertyPath: m_Layer
      value: 0
      objectReference: {fileID: 0}
    - target: {fileID: 2140833953817275108, guid: 895f6f3c2d334633b5800312285058d2, type: 3}
      propertyPath: m_Enabled
      value: 0
      objectReference: {fileID: 0}
    - target: {fileID: 2591975828599768710, guid: 895f6f3c2d334633b5800312285058d2, type: 3}
      propertyPath: m_IsActive
      value: 0
      objectReference: {fileID: 0}
    - target: {fileID: 3127728406573987374, guid: 895f6f3c2d334633b5800312285058d2, type: 3}
      propertyPath: m_EnableMouseInput
      value: 0
      objectReference: {fileID: 0}
    - target: {fileID: 3127728406573987374, guid: 895f6f3c2d334633b5800312285058d2, type: 3}
      propertyPath: m_EnableTouchInput
      value: 0
      objectReference: {fileID: 0}
    - target: {fileID: 3127728406573987374, guid: 895f6f3c2d334633b5800312285058d2, type: 3}
      propertyPath: m_EnableGamepadInput
      value: 0
      objectReference: {fileID: 0}
    - target: {fileID: 3127728406573987374, guid: 895f6f3c2d334633b5800312285058d2, type: 3}
      propertyPath: m_EnableJoystickInput
      value: 0
      objectReference: {fileID: 0}
    - target: {fileID: 3127728407712097234, guid: 895f6f3c2d334633b5800312285058d2, type: 3}
      propertyPath: m_Enabled
      value: 0
      objectReference: {fileID: 0}
    - target: {fileID: 3127728407712097236, guid: 895f6f3c2d334633b5800312285058d2, type: 3}
      propertyPath: m_Enabled
      value: 0
      objectReference: {fileID: 0}
    - target: {fileID: 3127728407712097238, guid: 895f6f3c2d334633b5800312285058d2, type: 3}
      propertyPath: m_Enabled
      value: 0
      objectReference: {fileID: 0}
    - target: {fileID: 3127728407712097239, guid: 895f6f3c2d334633b5800312285058d2, type: 3}
      propertyPath: m_Enabled
      value: 0
      objectReference: {fileID: 0}
    - target: {fileID: 3127728407712097240, guid: 895f6f3c2d334633b5800312285058d2, type: 3}
      propertyPath: m_Enabled
      value: 0
      objectReference: {fileID: 0}
    - target: {fileID: 3127728407712097242, guid: 895f6f3c2d334633b5800312285058d2, type: 3}
      propertyPath: m_Enabled
      value: 0
      objectReference: {fileID: 0}
    - target: {fileID: 3127728407712097243, guid: 895f6f3c2d334633b5800312285058d2, type: 3}
      propertyPath: m_Enabled
      value: 0
      objectReference: {fileID: 0}
    - target: {fileID: 3412649390972202448, guid: 895f6f3c2d334633b5800312285058d2, type: 3}
      propertyPath: m_Layer
      value: 7
      objectReference: {fileID: 0}
    - target: {fileID: 3412649390972202448, guid: 895f6f3c2d334633b5800312285058d2, type: 3}
      propertyPath: m_IsActive
      value: 1
      objectReference: {fileID: 0}
    - target: {fileID: 3414492871629994245, guid: 895f6f3c2d334633b5800312285058d2, type: 3}
      propertyPath: m_Enabled
      value: 0
      objectReference: {fileID: 0}
    - target: {fileID: 3711799367079663623, guid: 895f6f3c2d334633b5800312285058d2, type: 3}
      propertyPath: m_RayInteractor
      value: 
      objectReference: {fileID: 0}
    - target: {fileID: 3711799367079663623, guid: 895f6f3c2d334633b5800312285058d2, type: 3}
      propertyPath: m_TeleportInteractor
      value: 
      objectReference: {fileID: 0}
    - target: {fileID: 4134505312059479865, guid: 895f6f3c2d334633b5800312285058d2, type: 3}
      propertyPath: m_RootOrder
      value: 2
      objectReference: {fileID: 0}
    - target: {fileID: 4134505312059479865, guid: 895f6f3c2d334633b5800312285058d2, type: 3}
      propertyPath: m_LocalPosition.x
      value: 0
      objectReference: {fileID: 0}
    - target: {fileID: 4134505312059479865, guid: 895f6f3c2d334633b5800312285058d2, type: 3}
      propertyPath: m_LocalPosition.y
      value: 0
      objectReference: {fileID: 0}
    - target: {fileID: 4134505312059479865, guid: 895f6f3c2d334633b5800312285058d2, type: 3}
      propertyPath: m_LocalPosition.z
      value: 0
      objectReference: {fileID: 0}
    - target: {fileID: 4134505312059479865, guid: 895f6f3c2d334633b5800312285058d2, type: 3}
      propertyPath: m_LocalRotation.w
      value: 1
      objectReference: {fileID: 0}
    - target: {fileID: 4134505312059479865, guid: 895f6f3c2d334633b5800312285058d2, type: 3}
      propertyPath: m_LocalRotation.x
      value: 0
      objectReference: {fileID: 0}
    - target: {fileID: 4134505312059479865, guid: 895f6f3c2d334633b5800312285058d2, type: 3}
      propertyPath: m_LocalRotation.y
      value: 0
      objectReference: {fileID: 0}
    - target: {fileID: 4134505312059479865, guid: 895f6f3c2d334633b5800312285058d2, type: 3}
      propertyPath: m_LocalRotation.z
      value: 0
      objectReference: {fileID: 0}
    - target: {fileID: 4134505312059479865, guid: 895f6f3c2d334633b5800312285058d2, type: 3}
      propertyPath: m_LocalEulerAnglesHint.x
      value: 0
      objectReference: {fileID: 0}
    - target: {fileID: 4134505312059479865, guid: 895f6f3c2d334633b5800312285058d2, type: 3}
      propertyPath: m_LocalEulerAnglesHint.y
      value: 0
      objectReference: {fileID: 0}
    - target: {fileID: 4134505312059479865, guid: 895f6f3c2d334633b5800312285058d2, type: 3}
      propertyPath: m_LocalEulerAnglesHint.z
      value: 0
      objectReference: {fileID: 0}
    - target: {fileID: 4564216430282282028, guid: 895f6f3c2d334633b5800312285058d2, type: 3}
      propertyPath: m_RayInteractor
      value: 
      objectReference: {fileID: 0}
    - target: {fileID: 4564216430282282028, guid: 895f6f3c2d334633b5800312285058d2, type: 3}
      propertyPath: m_TeleportInteractor
      value: 
      objectReference: {fileID: 0}
    - target: {fileID: 5045211221932542186, guid: 895f6f3c2d334633b5800312285058d2, type: 3}
      propertyPath: m_Enabled
      value: 0
      objectReference: {fileID: 0}
    - target: {fileID: 5918495036138106549, guid: 895f6f3c2d334633b5800312285058d2, type: 3}
      propertyPath: m_Radius
      value: 0.05
      objectReference: {fileID: 0}
    - target: {fileID: 5918495036138106549, guid: 895f6f3c2d334633b5800312285058d2, type: 3}
      propertyPath: m_Material
      value: 
      objectReference: {fileID: 13400000, guid: b9733d27cfd4fac4c938bc32c7045aca, type: 2}
    - target: {fileID: 5918495036138106549, guid: 895f6f3c2d334633b5800312285058d2, type: 3}
      propertyPath: m_IsTrigger
      value: 0
      objectReference: {fileID: 0}
    - target: {fileID: 5918495036138106549, guid: 895f6f3c2d334633b5800312285058d2, type: 3}
      propertyPath: m_ProvidesContacts
      value: 1
      objectReference: {fileID: 0}
    - target: {fileID: 5918495036138106549, guid: 895f6f3c2d334633b5800312285058d2, type: 3}
      propertyPath: m_ExcludeLayers.m_Bits
      value: 64
      objectReference: {fileID: 0}
    - target: {fileID: 6241328702699751900, guid: 895f6f3c2d334633b5800312285058d2, type: 3}
      propertyPath: m_IsActive
      value: 0
      objectReference: {fileID: 0}
    - target: {fileID: 7313654230448209575, guid: 895f6f3c2d334633b5800312285058d2, type: 3}
      propertyPath: m_Name
      value: Complete XR Origin Set Up
      objectReference: {fileID: 0}
    - target: {fileID: 7313654230448209575, guid: 895f6f3c2d334633b5800312285058d2, type: 3}
      propertyPath: m_IsActive
      value: 1
      objectReference: {fileID: 0}
    - target: {fileID: 7797157433863296024, guid: 895f6f3c2d334633b5800312285058d2, type: 3}
      propertyPath: m_Layer
      value: 0
      objectReference: {fileID: 0}
    - target: {fileID: 8753850446233428161, guid: 895f6f3c2d334633b5800312285058d2, type: 3}
      propertyPath: m_Layer
      value: 0
      objectReference: {fileID: 0}
    - target: {fileID: 8975337273357236284, guid: 895f6f3c2d334633b5800312285058d2, type: 3}
      propertyPath: m_Layer
      value: 7
      objectReference: {fileID: 0}
    - target: {fileID: 8975337273357236284, guid: 895f6f3c2d334633b5800312285058d2, type: 3}
      propertyPath: m_IsActive
      value: 1
      objectReference: {fileID: 0}
    - target: {fileID: 9014170783809206330, guid: 895f6f3c2d334633b5800312285058d2, type: 3}
      propertyPath: m_ClearFlags
      value: 2
      objectReference: {fileID: 0}
    - target: {fileID: 9014170783809206330, guid: 895f6f3c2d334633b5800312285058d2, type: 3}
      propertyPath: m_BackGroundColor.b
      value: 0.6415094
      objectReference: {fileID: 0}
    - target: {fileID: 9014170783809206330, guid: 895f6f3c2d334633b5800312285058d2, type: 3}
      propertyPath: m_BackGroundColor.g
      value: 0.38430044
      objectReference: {fileID: 0}
    - target: {fileID: 9014170783809206330, guid: 895f6f3c2d334633b5800312285058d2, type: 3}
      propertyPath: m_BackGroundColor.r
      value: 0.5353076
      objectReference: {fileID: 0}
    - target: {fileID: 9014170784424948809, guid: 895f6f3c2d334633b5800312285058d2, type: 3}
      propertyPath: m_IsActive
      value: 0
      objectReference: {fileID: 0}
    - target: {fileID: 9014170785475729497, guid: 895f6f3c2d334633b5800312285058d2, type: 3}
      propertyPath: m_EnableInputActions
      value: 1
      objectReference: {fileID: 0}
    m_RemovedComponents: []
    m_RemovedGameObjects:
    - {fileID: 6241328702699751900, guid: 895f6f3c2d334633b5800312285058d2, type: 3}
    - {fileID: 122084618895949332, guid: 895f6f3c2d334633b5800312285058d2, type: 3}
    - {fileID: 9014170784424948809, guid: 895f6f3c2d334633b5800312285058d2, type: 3}
    - {fileID: 2591975828599768710, guid: 895f6f3c2d334633b5800312285058d2, type: 3}
    m_AddedGameObjects:
    - targetCorrespondingSourceObject: {fileID: 4134505312059479865, guid: 895f6f3c2d334633b5800312285058d2, type: 3}
      insertIndex: -1
      addedObject: {fileID: 726606575}
    m_AddedComponents:
    - targetCorrespondingSourceObject: {fileID: 8975337273357236284, guid: 895f6f3c2d334633b5800312285058d2, type: 3}
      insertIndex: -1
      addedObject: {fileID: 245781428}
  m_SourcePrefab: {fileID: 100100000, guid: 895f6f3c2d334633b5800312285058d2, type: 3}
--- !u!1 &726606573
GameObject:
  m_ObjectHideFlags: 0
  m_CorrespondingSourceObject: {fileID: 0}
  m_PrefabInstance: {fileID: 0}
  m_PrefabAsset: {fileID: 0}
  serializedVersion: 6
  m_Component:
  - component: {fileID: 726606575}
  - component: {fileID: 726606574}
  m_Layer: 0
  m_Name: XR Interaction Manager
  m_TagString: Untagged
  m_Icon: {fileID: 0}
  m_NavMeshLayer: 0
  m_StaticEditorFlags: 0
  m_IsActive: 1
--- !u!114 &726606574
MonoBehaviour:
  m_ObjectHideFlags: 0
  m_CorrespondingSourceObject: {fileID: 0}
  m_PrefabInstance: {fileID: 0}
  m_PrefabAsset: {fileID: 0}
  m_GameObject: {fileID: 726606573}
  m_Enabled: 1
  m_EditorHideFlags: 0
  m_Script: {fileID: 11500000, guid: 83e4e6cca11330d4088d729ab4fc9d9f, type: 3}
  m_Name: 
  m_EditorClassIdentifier: 
  m_StartingHoverFilters: []
  m_StartingSelectFilters: []
--- !u!4 &726606575
Transform:
  m_ObjectHideFlags: 0
  m_CorrespondingSourceObject: {fileID: 0}
  m_PrefabInstance: {fileID: 0}
  m_PrefabAsset: {fileID: 0}
  m_GameObject: {fileID: 726606573}
  serializedVersion: 2
  m_LocalRotation: {x: -0, y: -0, z: -0, w: 1}
  m_LocalPosition: {x: 0.39636183, y: -0.9840116, z: 0.1506083}
  m_LocalScale: {x: 1, y: 1, z: 1}
  m_ConstrainProportionsScale: 0
  m_Children: []
  m_Father: {fileID: 1779254412}
  m_LocalEulerAnglesHint: {x: 0, y: 0, z: 0}
--- !u!1 &1000775822 stripped
GameObject:
  m_CorrespondingSourceObject: {fileID: 1565887663814566040, guid: 3e07eccb5e6f459d886de95044adb1d9, type: 3}
  m_PrefabInstance: {fileID: 215429133}
  m_PrefabAsset: {fileID: 0}
--- !u!23 &1000775824
MeshRenderer:
  m_ObjectHideFlags: 0
  m_CorrespondingSourceObject: {fileID: 0}
  m_PrefabInstance: {fileID: 0}
  m_PrefabAsset: {fileID: 0}
  m_GameObject: {fileID: 1000775822}
  m_Enabled: 1
  m_CastShadows: 1
  m_ReceiveShadows: 1
  m_DynamicOccludee: 1
  m_StaticShadowCaster: 0
  m_MotionVectors: 1
  m_LightProbeUsage: 1
  m_ReflectionProbeUsage: 1
  m_RayTracingMode: 2
  m_RayTraceProcedural: 0
  m_RenderingLayerMask: 1
  m_RendererPriority: 0
  m_Materials:
  - {fileID: 2100000, guid: cd650a4825857487896c82d24631eba5, type: 2}
  m_StaticBatchInfo:
    firstSubMesh: 0
    subMeshCount: 0
  m_StaticBatchRoot: {fileID: 0}
  m_ProbeAnchor: {fileID: 0}
  m_LightProbeVolumeOverride: {fileID: 0}
  m_ScaleInLightmap: 1
  m_ReceiveGI: 1
  m_PreserveUVs: 0
  m_IgnoreNormalsForChartDetection: 0
  m_ImportantGI: 0
  m_StitchLightmapSeams: 1
  m_SelectedEditorRenderState: 3
  m_MinimumChartSize: 4
  m_AutoUVMaxDistance: 0.5
  m_AutoUVMaxAngle: 89
  m_LightmapParameters: {fileID: 0}
  m_SortingLayerID: 0
  m_SortingLayer: 0
  m_SortingOrder: 0
  m_AdditionalVertexStreams: {fileID: 0}
--- !u!33 &1000775825
MeshFilter:
  m_ObjectHideFlags: 0
  m_CorrespondingSourceObject: {fileID: 0}
  m_PrefabInstance: {fileID: 0}
  m_PrefabAsset: {fileID: 0}
  m_GameObject: {fileID: 1000775822}
  m_Mesh: {fileID: 10209, guid: 0000000000000000e000000000000000, type: 0}
--- !u!64 &1000775826
MeshCollider:
  m_ObjectHideFlags: 0
  m_CorrespondingSourceObject: {fileID: 0}
  m_PrefabInstance: {fileID: 0}
  m_PrefabAsset: {fileID: 0}
  m_GameObject: {fileID: 1000775822}
  m_Material: {fileID: 0}
  m_IncludeLayers:
    serializedVersion: 2
    m_Bits: 128
  m_ExcludeLayers:
    serializedVersion: 2
    m_Bits: 0
  m_LayerOverridePriority: 0
  m_IsTrigger: 0
  m_ProvidesContacts: 0
  m_Enabled: 1
  serializedVersion: 5
  m_Convex: 0
  m_CookingOptions: 30
  m_Mesh: {fileID: 0}
--- !u!4 &1000775827 stripped
Transform:
  m_CorrespondingSourceObject: {fileID: 1565887663814566041, guid: 3e07eccb5e6f459d886de95044adb1d9, type: 3}
  m_PrefabInstance: {fileID: 215429133}
  m_PrefabAsset: {fileID: 0}
--- !u!1 &1097253585
GameObject:
  m_ObjectHideFlags: 0
  m_CorrespondingSourceObject: {fileID: 0}
  m_PrefabInstance: {fileID: 0}
  m_PrefabAsset: {fileID: 0}
  serializedVersion: 6
  m_Component:
  - component: {fileID: 1097253586}
  - component: {fileID: 1097253587}
  m_Layer: 0
  m_Name: SceneObj
  m_TagString: Untagged
  m_Icon: {fileID: 0}
  m_NavMeshLayer: 0
  m_StaticEditorFlags: 0
  m_IsActive: 1
--- !u!4 &1097253586
Transform:
  m_ObjectHideFlags: 0
  m_CorrespondingSourceObject: {fileID: 0}
  m_PrefabInstance: {fileID: 0}
  m_PrefabAsset: {fileID: 0}
  m_GameObject: {fileID: 1097253585}
  serializedVersion: 2
  m_LocalRotation: {x: 0, y: 0, z: 0, w: 1}
  m_LocalPosition: {x: -47.1, y: 49.2, z: 78.2}
  m_LocalScale: {x: 1, y: 1, z: 1}
  m_ConstrainProportionsScale: 0
  m_Children:
  - {fileID: 919132149284373591}
  - {fileID: 1353889859}
  m_Father: {fileID: 0}
  m_LocalEulerAnglesHint: {x: 0, y: 0, z: 0}
--- !u!114 &1097253587
MonoBehaviour:
  m_ObjectHideFlags: 0
  m_CorrespondingSourceObject: {fileID: 0}
  m_PrefabInstance: {fileID: 0}
  m_PrefabAsset: {fileID: 0}
  m_GameObject: {fileID: 1097253585}
  m_Enabled: 1
  m_EditorHideFlags: 0
  m_Script: {fileID: 11500000, guid: 26b716c41e9b56b4baafaf13a523ba2e, type: 3}
  m_Name: 
  m_EditorClassIdentifier: 
  <IsNested>k__BackingField: 0
  <ComponentIndex>k__BackingField: 0
  <PredictedSpawn>k__BackingField: {fileID: 0}
  _networkBehaviours: []
  <ParentNetworkObject>k__BackingField: {fileID: 0}
  <ChildNetworkObjects>k__BackingField: []
  SerializedTransformProperties:
    Position: {x: -47.1, y: 49.2, z: 78.2}
    Rotation: {x: 0, y: 0, z: 0, w: 1}
    LocalScale: {x: 1, y: 1, z: 1}
  _isNetworked: 1
  _isGlobal: 0
  _initializeOrder: 0
  _defaultDespawnType: 0
  NetworkObserver: {fileID: 0}
  <PrefabId>k__BackingField: 0
  <SpawnableCollectionId>k__BackingField: 0
  _scenePathHash: 2806674773
  <SceneId>k__BackingField: 12054576361837188117
  <AssetPathHash>k__BackingField: 0
  _sceneNetworkObjects:
  - {fileID: 1097253587}
--- !u!1001 &1249063864
PrefabInstance:
  m_ObjectHideFlags: 0
  serializedVersion: 2
  m_Modification:
    serializedVersion: 3
    m_TransformParent: {fileID: 0}
    m_Modifications:
    - target: {fileID: 7443408887813606049, guid: 9072eaa5f887372409bbdac12ae9374a, type: 3}
      propertyPath: m_RootOrder
      value: 4
      objectReference: {fileID: 0}
    - target: {fileID: 7443408887813606049, guid: 9072eaa5f887372409bbdac12ae9374a, type: 3}
      propertyPath: m_LocalPosition.x
      value: 0
      objectReference: {fileID: 0}
    - target: {fileID: 7443408887813606049, guid: 9072eaa5f887372409bbdac12ae9374a, type: 3}
      propertyPath: m_LocalPosition.y
      value: 0
      objectReference: {fileID: 0}
    - target: {fileID: 7443408887813606049, guid: 9072eaa5f887372409bbdac12ae9374a, type: 3}
      propertyPath: m_LocalPosition.z
      value: 0
      objectReference: {fileID: 0}
    - target: {fileID: 7443408887813606049, guid: 9072eaa5f887372409bbdac12ae9374a, type: 3}
      propertyPath: m_LocalRotation.w
      value: 1
      objectReference: {fileID: 0}
    - target: {fileID: 7443408887813606049, guid: 9072eaa5f887372409bbdac12ae9374a, type: 3}
      propertyPath: m_LocalRotation.x
      value: 0
      objectReference: {fileID: 0}
    - target: {fileID: 7443408887813606049, guid: 9072eaa5f887372409bbdac12ae9374a, type: 3}
      propertyPath: m_LocalRotation.y
      value: 0
      objectReference: {fileID: 0}
    - target: {fileID: 7443408887813606049, guid: 9072eaa5f887372409bbdac12ae9374a, type: 3}
      propertyPath: m_LocalRotation.z
      value: 0
      objectReference: {fileID: 0}
    - target: {fileID: 7443408887813606049, guid: 9072eaa5f887372409bbdac12ae9374a, type: 3}
      propertyPath: m_LocalEulerAnglesHint.x
      value: 0
      objectReference: {fileID: 0}
    - target: {fileID: 7443408887813606049, guid: 9072eaa5f887372409bbdac12ae9374a, type: 3}
      propertyPath: m_LocalEulerAnglesHint.y
      value: 0
      objectReference: {fileID: 0}
    - target: {fileID: 7443408887813606049, guid: 9072eaa5f887372409bbdac12ae9374a, type: 3}
      propertyPath: m_LocalEulerAnglesHint.z
      value: 0
      objectReference: {fileID: 0}
    - target: {fileID: 7443408887813606050, guid: 9072eaa5f887372409bbdac12ae9374a, type: 3}
      propertyPath: _spawnablePrefabs
      value: 
      objectReference: {fileID: 11400000, guid: 59943ebb298f4474b96eda4fe8aebc4c, type: 2}
    - target: {fileID: 7443408887813606051, guid: 9072eaa5f887372409bbdac12ae9374a, type: 3}
      propertyPath: m_Name
      value: NetworkManager (1)
      objectReference: {fileID: 0}
    - target: {fileID: 7443408887813606060, guid: 9072eaa5f887372409bbdac12ae9374a, type: 3}
      propertyPath: _playerPrefab
      value: 
      objectReference: {fileID: 5474809724539370394, guid: 41579723b70553e44ab615e18f705e65, type: 3}
    m_RemovedComponents: []
    m_RemovedGameObjects: []
    m_AddedGameObjects: []
    m_AddedComponents:
    - targetCorrespondingSourceObject: {fileID: 7443408887813606051, guid: 9072eaa5f887372409bbdac12ae9374a, type: 3}
      insertIndex: -1
      addedObject: {fileID: 1249063872}
  m_SourcePrefab: {fileID: 100100000, guid: 9072eaa5f887372409bbdac12ae9374a, type: 3}
--- !u!1 &1249063865 stripped
GameObject:
  m_CorrespondingSourceObject: {fileID: 7443408887813606051, guid: 9072eaa5f887372409bbdac12ae9374a, type: 3}
  m_PrefabInstance: {fileID: 1249063864}
  m_PrefabAsset: {fileID: 0}
--- !u!114 &1249063872
MonoBehaviour:
  m_ObjectHideFlags: 0
  m_CorrespondingSourceObject: {fileID: 0}
  m_PrefabInstance: {fileID: 0}
  m_PrefabAsset: {fileID: 0}
  m_GameObject: {fileID: 1249063865}
  m_Enabled: 1
  m_EditorHideFlags: 0
  m_Script: {fileID: 11500000, guid: 6f48f002b825cbd45a19bd96d90f9edb, type: 3}
  m_Name: 
  m_EditorClassIdentifier: 
  _unreliableMTU: 1023
  _ipv4BindAddress: 
  _ipv6BindAddress: 
  _port: 8070
  _maximumClients: 4095
  _clientAddress: 192.168.192.43
  _timeout: 15
--- !u!1 &1292525832
GameObject:
  m_ObjectHideFlags: 0
  m_CorrespondingSourceObject: {fileID: 0}
  m_PrefabInstance: {fileID: 0}
  m_PrefabAsset: {fileID: 0}
  serializedVersion: 6
  m_Component:
  - component: {fileID: 1292525833}
  m_Layer: 0
  m_Name: SpawnPoint (2)
  m_TagString: Untagged
  m_Icon: {fileID: 0}
  m_NavMeshLayer: 0
  m_StaticEditorFlags: 0
  m_IsActive: 1
--- !u!4 &1292525833
Transform:
  m_ObjectHideFlags: 0
  m_CorrespondingSourceObject: {fileID: 0}
  m_PrefabInstance: {fileID: 0}
  m_PrefabAsset: {fileID: 0}
  m_GameObject: {fileID: 1292525832}
  serializedVersion: 2
  m_LocalRotation: {x: 0, y: 0, z: 0, w: 1}
  m_LocalPosition: {x: 1, y: 1.5, z: -1}
  m_LocalScale: {x: 1, y: 1, z: 1}
  m_ConstrainProportionsScale: 0
  m_Children: []
  m_Father: {fileID: 631319927}
  m_LocalEulerAnglesHint: {x: 0, y: 0, z: 0}
--- !u!1 &1353889858
GameObject:
  m_ObjectHideFlags: 0
  m_CorrespondingSourceObject: {fileID: 0}
  m_PrefabInstance: {fileID: 0}
  m_PrefabAsset: {fileID: 0}
  serializedVersion: 6
  m_Component:
  - component: {fileID: 1353889859}
  - component: {fileID: 1353889860}
  m_Layer: 0
  m_Name: Balls
  m_TagString: Untagged
  m_Icon: {fileID: 0}
  m_NavMeshLayer: 0
  m_StaticEditorFlags: 0
  m_IsActive: 1
--- !u!4 &1353889859
Transform:
  m_ObjectHideFlags: 0
  m_CorrespondingSourceObject: {fileID: 0}
  m_PrefabInstance: {fileID: 0}
  m_PrefabAsset: {fileID: 0}
  m_GameObject: {fileID: 1353889858}
  serializedVersion: 2
  m_LocalRotation: {x: 0, y: 0, z: 0, w: 1}
  m_LocalPosition: {x: 0, y: 0, z: 0}
  m_LocalScale: {x: 1, y: 1, z: 1}
  m_ConstrainProportionsScale: 0
  m_Children: []
  m_Father: {fileID: 1097253586}
  m_LocalEulerAnglesHint: {x: 0, y: 0, z: 0}
--- !u!114 &1353889860
MonoBehaviour:
  m_ObjectHideFlags: 0
  m_CorrespondingSourceObject: {fileID: 0}
  m_PrefabInstance: {fileID: 0}
  m_PrefabAsset: {fileID: 0}
  m_GameObject: {fileID: 1353889858}
  m_Enabled: 1
  m_EditorHideFlags: 0
  m_Script: {fileID: 11500000, guid: 50cc71211bc59e84e9e9e42063ac4d9f, type: 3}
  m_Name: 
  m_EditorClassIdentifier: 
  _componentIndexCache: 0
  _addedNetworkObject: {fileID: 1097253587}
  _networkObjectCache: {fileID: 1097253587}
  nBalls: 40
  ballPrefab: {fileID: 1609135468251330181, guid: 66ea3944dfd864548bd1a7bba7ff13ae, type: 3}
  balls: []
  torusProximityMat: {fileID: 2100000, guid: 402ce206491aecc438deb112ffb18cc0, type: 2}
--- !u!1 &1489163101
GameObject:
  m_ObjectHideFlags: 0
  m_CorrespondingSourceObject: {fileID: 0}
  m_PrefabInstance: {fileID: 0}
  m_PrefabAsset: {fileID: 0}
  serializedVersion: 6
  m_Component:
  - component: {fileID: 1489163102}
  m_Layer: 0
  m_Name: SpawnPoint (1)
  m_TagString: Untagged
  m_Icon: {fileID: 0}
  m_NavMeshLayer: 0
  m_StaticEditorFlags: 0
  m_IsActive: 1
--- !u!4 &1489163102
Transform:
  m_ObjectHideFlags: 0
  m_CorrespondingSourceObject: {fileID: 0}
  m_PrefabInstance: {fileID: 0}
  m_PrefabAsset: {fileID: 0}
  m_GameObject: {fileID: 1489163101}
  serializedVersion: 2
  m_LocalRotation: {x: 0, y: 0, z: 0, w: 1}
  m_LocalPosition: {x: -1, y: 1.5, z: 1}
  m_LocalScale: {x: 1, y: 1, z: 1}
  m_ConstrainProportionsScale: 0
  m_Children: []
  m_Father: {fileID: 631319927}
  m_LocalEulerAnglesHint: {x: 0, y: 0, z: 0}
--- !u!4 &1779254412 stripped
Transform:
  m_CorrespondingSourceObject: {fileID: 4134505312059479865, guid: 895f6f3c2d334633b5800312285058d2, type: 3}
  m_PrefabInstance: {fileID: 659637133}
  m_PrefabAsset: {fileID: 0}
--- !u!1 &1855481416
GameObject:
  m_ObjectHideFlags: 0
  m_CorrespondingSourceObject: {fileID: 0}
  m_PrefabInstance: {fileID: 0}
  m_PrefabAsset: {fileID: 0}
  serializedVersion: 6
  m_Component:
  - component: {fileID: 1855481417}
  m_Layer: 0
  m_Name: SpawnPoint (3)
  m_TagString: Untagged
  m_Icon: {fileID: 0}
  m_NavMeshLayer: 0
  m_StaticEditorFlags: 0
  m_IsActive: 1
--- !u!4 &1855481417
Transform:
  m_ObjectHideFlags: 0
  m_CorrespondingSourceObject: {fileID: 0}
  m_PrefabInstance: {fileID: 0}
  m_PrefabAsset: {fileID: 0}
  m_GameObject: {fileID: 1855481416}
  serializedVersion: 2
  m_LocalRotation: {x: 0, y: 0, z: 0, w: 1}
  m_LocalPosition: {x: -1, y: 1.5, z: -1}
  m_LocalScale: {x: 1, y: 1, z: 1}
  m_ConstrainProportionsScale: 0
  m_Children: []
  m_Father: {fileID: 631319927}
  m_LocalEulerAnglesHint: {x: 0, y: 0, z: 0}
--- !u!1 &1886824966
GameObject:
  m_ObjectHideFlags: 0
  m_CorrespondingSourceObject: {fileID: 0}
  m_PrefabInstance: {fileID: 0}
  m_PrefabAsset: {fileID: 0}
  serializedVersion: 6
  m_Component:
  - component: {fileID: 1886824968}
  - component: {fileID: 1886824967}
  m_Layer: 0
  m_Name: BallManager
  m_TagString: Untagged
  m_Icon: {fileID: 0}
  m_NavMeshLayer: 0
  m_StaticEditorFlags: 0
  m_IsActive: 1
--- !u!114 &1886824967
MonoBehaviour:
  m_ObjectHideFlags: 0
  m_CorrespondingSourceObject: {fileID: 0}
  m_PrefabInstance: {fileID: 0}
  m_PrefabAsset: {fileID: 0}
  m_GameObject: {fileID: 1886824966}
  m_Enabled: 1
  m_EditorHideFlags: 0
  m_Script: {fileID: 11500000, guid: 7fb99eade37aaa24bb6d55b19c509d41, type: 3}
  m_Name: 
  m_EditorClassIdentifier: 
  magnetBallPrefab: {fileID: 0}
  spawnBall:
    m_Name: Spawn Ball
    m_Type: 0
    m_ExpectedControlType: 
    m_Id: bfbd22ce-7afc-4adb-845c-0615f4c2b04c
    m_Processors: 
    m_Interactions: 
    m_SingletonActionBindings:
    - m_Name: 
      m_Id: 8a0b828e-3a3b-4175-adb0-aac14656a66a
      m_Path: <XRController>/triggerPressed
      m_Interactions: 
      m_Processors: 
      m_Groups: 
      m_Action: Spawn Ball
      m_Flags: 0
    m_Flags: 0
--- !u!4 &1886824968
Transform:
  m_ObjectHideFlags: 0
  m_CorrespondingSourceObject: {fileID: 0}
  m_PrefabInstance: {fileID: 0}
  m_PrefabAsset: {fileID: 0}
  m_GameObject: {fileID: 1886824966}
  serializedVersion: 2
  m_LocalRotation: {x: 0, y: 0, z: 0, w: 1}
  m_LocalPosition: {x: -43.82074, y: 2.9168458, z: -12.764382}
  m_LocalScale: {x: 1, y: 1, z: 1}
  m_ConstrainProportionsScale: 0
  m_Children: []
  m_Father: {fileID: 0}
  m_LocalEulerAnglesHint: {x: 0, y: 0, z: 0}
--- !u!1 &1948553134
GameObject:
  m_ObjectHideFlags: 0
  m_CorrespondingSourceObject: {fileID: 0}
  m_PrefabInstance: {fileID: 0}
  m_PrefabAsset: {fileID: 0}
  serializedVersion: 6
  m_Component:
  - component: {fileID: 1948553135}
  m_Layer: 0
  m_Name: SpawnPoint
  m_TagString: Untagged
  m_Icon: {fileID: 0}
  m_NavMeshLayer: 0
  m_StaticEditorFlags: 0
  m_IsActive: 1
--- !u!4 &1948553135
Transform:
  m_ObjectHideFlags: 0
  m_CorrespondingSourceObject: {fileID: 0}
  m_PrefabInstance: {fileID: 0}
  m_PrefabAsset: {fileID: 0}
  m_GameObject: {fileID: 1948553134}
  serializedVersion: 2
  m_LocalRotation: {x: 0, y: 0, z: 0, w: 1}
  m_LocalPosition: {x: 1, y: 1.5, z: 1}
  m_LocalScale: {x: 1, y: 1, z: 1}
  m_ConstrainProportionsScale: 0
  m_Children: []
  m_Father: {fileID: 631319927}
  m_LocalEulerAnglesHint: {x: 0, y: 0, z: 0}
--- !u!1 &1980837716
GameObject:
  m_ObjectHideFlags: 0
  m_CorrespondingSourceObject: {fileID: 0}
  m_PrefabInstance: {fileID: 0}
  m_PrefabAsset: {fileID: 0}
  serializedVersion: 6
  m_Component:
  - component: {fileID: 1980837718}
  - component: {fileID: 1980837717}
  m_Layer: 0
  m_Name: Directional Light
  m_TagString: Untagged
  m_Icon: {fileID: 0}
  m_NavMeshLayer: 0
  m_StaticEditorFlags: 0
  m_IsActive: 1
--- !u!108 &1980837717
Light:
  m_ObjectHideFlags: 0
  m_CorrespondingSourceObject: {fileID: 0}
  m_PrefabInstance: {fileID: 0}
  m_PrefabAsset: {fileID: 0}
  m_GameObject: {fileID: 1980837716}
  m_Enabled: 1
  serializedVersion: 10
  m_Type: 1
  m_Shape: 0
  m_Color: {r: 1, g: 0.95686275, b: 0.8392157, a: 1}
  m_Intensity: 1
  m_Range: 10
  m_SpotAngle: 30
  m_InnerSpotAngle: 21.80208
  m_CookieSize: 10
  m_Shadows:
    m_Type: 2
    m_Resolution: -1
    m_CustomResolution: -1
    m_Strength: 1
    m_Bias: 0.05
    m_NormalBias: 0.4
    m_NearPlane: 0.2
    m_CullingMatrixOverride:
      e00: 1
      e01: 0
      e02: 0
      e03: 0
      e10: 0
      e11: 1
      e12: 0
      e13: 0
      e20: 0
      e21: 0
      e22: 1
      e23: 0
      e30: 0
      e31: 0
      e32: 0
      e33: 1
    m_UseCullingMatrixOverride: 0
  m_Cookie: {fileID: 0}
  m_DrawHalo: 0
  m_Flare: {fileID: 0}
  m_RenderMode: 0
  m_CullingMask:
    serializedVersion: 2
    m_Bits: 4294967295
  m_RenderingLayerMask: 1
  m_Lightmapping: 4
  m_LightShadowCasterMode: 0
  m_AreaSize: {x: 1, y: 1}
  m_BounceIntensity: 1
  m_ColorTemperature: 6570
  m_UseColorTemperature: 0
  m_BoundingSphereOverride: {x: 0, y: 0, z: 0, w: 0}
  m_UseBoundingSphereOverride: 0
  m_UseViewFrustumForShadowCasterCull: 1
  m_ShadowRadius: 0
  m_ShadowAngle: 0
--- !u!4 &1980837718
Transform:
  m_ObjectHideFlags: 0
  m_CorrespondingSourceObject: {fileID: 0}
  m_PrefabInstance: {fileID: 0}
  m_PrefabAsset: {fileID: 0}
  m_GameObject: {fileID: 1980837716}
  serializedVersion: 2
  m_LocalRotation: {x: 0.40821788, y: -0.23456968, z: 0.10938163, w: 0.8754261}
  m_LocalPosition: {x: 0, y: 3, z: 0}
  m_LocalScale: {x: 1, y: 1, z: 1}
  m_ConstrainProportionsScale: 0
  m_Children: []
  m_Father: {fileID: 0}
  m_LocalEulerAnglesHint: {x: 50, y: -30, z: 0}
--- !u!1 &919132149284373587 stripped
GameObject:
  m_CorrespondingSourceObject: {fileID: 3931786385735740262, guid: 32cce39fb9ec7497d8d2548f1c76c0b1, type: 3}
  m_PrefabInstance: {fileID: 4202398531820089141}
  m_PrefabAsset: {fileID: 0}
--- !u!4 &919132149284373591 stripped
Transform:
  m_CorrespondingSourceObject: {fileID: 4457246753268085212, guid: 32cce39fb9ec7497d8d2548f1c76c0b1, type: 3}
  m_PrefabInstance: {fileID: 4202398531820089141}
  m_PrefabAsset: {fileID: 0}
--- !u!64 &919132149284373592
MeshCollider:
  m_ObjectHideFlags: 0
  m_CorrespondingSourceObject: {fileID: 0}
  m_PrefabInstance: {fileID: 0}
  m_PrefabAsset: {fileID: 0}
  m_GameObject: {fileID: 919132149284373587}
  m_Material: {fileID: 0}
  m_IncludeLayers:
    serializedVersion: 2
    m_Bits: 0
  m_ExcludeLayers:
    serializedVersion: 2
    m_Bits: 128
  m_LayerOverridePriority: 0
  m_IsTrigger: 0
  m_ProvidesContacts: 0
  m_Enabled: 1
  serializedVersion: 5
  m_Convex: 0
  m_CookingOptions: 30
  m_Mesh: {fileID: -8803937527578110353, guid: 2d5d62bf6dd384167b4ad68c6387de62, type: 3}
--- !u!1001 &4202398531820089141
PrefabInstance:
  m_ObjectHideFlags: 0
  serializedVersion: 2
  m_Modification:
    serializedVersion: 3
    m_TransformParent: {fileID: 1097253586}
    m_Modifications:
    - target: {fileID: 753378612354334329, guid: 32cce39fb9ec7497d8d2548f1c76c0b1, type: 3}
      propertyPath: m_Mesh
      value: 
      objectReference: {fileID: -8803937527578110353, guid: 2d5d62bf6dd384167b4ad68c6387de62, type: 3}
    - target: {fileID: 3283263297386793651, guid: 32cce39fb9ec7497d8d2548f1c76c0b1, type: 3}
      propertyPath: m_Materials.Array.data[0]
      value: 
      objectReference: {fileID: 2100000, guid: 402ce206491aecc438deb112ffb18cc0, type: 2}
    - target: {fileID: 3931786385735740262, guid: 32cce39fb9ec7497d8d2548f1c76c0b1, type: 3}
      propertyPath: m_Name
      value: Torus
      objectReference: {fileID: 0}
    - target: {fileID: 3931786385735740262, guid: 32cce39fb9ec7497d8d2548f1c76c0b1, type: 3}
      propertyPath: m_Layer
      value: 6
      objectReference: {fileID: 0}
    - target: {fileID: 3931786385735740262, guid: 32cce39fb9ec7497d8d2548f1c76c0b1, type: 3}
      propertyPath: m_IsActive
      value: 1
      objectReference: {fileID: 0}
    - target: {fileID: 4202398533446683247, guid: 32cce39fb9ec7497d8d2548f1c76c0b1, type: 3}
      propertyPath: m_Enabled
      value: 1
      objectReference: {fileID: 0}
    - target: {fileID: 4202398533446683247, guid: 32cce39fb9ec7497d8d2548f1c76c0b1, type: 3}
      propertyPath: m_ExcludeLayers.m_Bits
      value: 128
      objectReference: {fileID: 0}
    - target: {fileID: 4457246753268085212, guid: 32cce39fb9ec7497d8d2548f1c76c0b1, type: 3}
      propertyPath: m_RootOrder
      value: -1
      objectReference: {fileID: 0}
    - target: {fileID: 4457246753268085212, guid: 32cce39fb9ec7497d8d2548f1c76c0b1, type: 3}
      propertyPath: m_LocalScale.x
      value: 10000
      objectReference: {fileID: 0}
    - target: {fileID: 4457246753268085212, guid: 32cce39fb9ec7497d8d2548f1c76c0b1, type: 3}
      propertyPath: m_LocalScale.y
      value: 10000
      objectReference: {fileID: 0}
    - target: {fileID: 4457246753268085212, guid: 32cce39fb9ec7497d8d2548f1c76c0b1, type: 3}
      propertyPath: m_LocalScale.z
      value: 10000
      objectReference: {fileID: 0}
    - target: {fileID: 4457246753268085212, guid: 32cce39fb9ec7497d8d2548f1c76c0b1, type: 3}
      propertyPath: m_LocalPosition.x
      value: 0
      objectReference: {fileID: 0}
    - target: {fileID: 4457246753268085212, guid: 32cce39fb9ec7497d8d2548f1c76c0b1, type: 3}
      propertyPath: m_LocalPosition.y
      value: 0
      objectReference: {fileID: 0}
    - target: {fileID: 4457246753268085212, guid: 32cce39fb9ec7497d8d2548f1c76c0b1, type: 3}
      propertyPath: m_LocalPosition.z
      value: 0
      objectReference: {fileID: 0}
    - target: {fileID: 4457246753268085212, guid: 32cce39fb9ec7497d8d2548f1c76c0b1, type: 3}
      propertyPath: m_LocalRotation.w
      value: 0.7071068
      objectReference: {fileID: 0}
    - target: {fileID: 4457246753268085212, guid: 32cce39fb9ec7497d8d2548f1c76c0b1, type: 3}
      propertyPath: m_LocalRotation.x
      value: -0.7071068
      objectReference: {fileID: 0}
    - target: {fileID: 4457246753268085212, guid: 32cce39fb9ec7497d8d2548f1c76c0b1, type: 3}
      propertyPath: m_LocalRotation.y
      value: 0
      objectReference: {fileID: 0}
    - target: {fileID: 4457246753268085212, guid: 32cce39fb9ec7497d8d2548f1c76c0b1, type: 3}
      propertyPath: m_LocalRotation.z
      value: 0
      objectReference: {fileID: 0}
    - target: {fileID: 4457246753268085212, guid: 32cce39fb9ec7497d8d2548f1c76c0b1, type: 3}
      propertyPath: m_LocalEulerAnglesHint.x
      value: -90
      objectReference: {fileID: 0}
    - target: {fileID: 4457246753268085212, guid: 32cce39fb9ec7497d8d2548f1c76c0b1, type: 3}
      propertyPath: m_LocalEulerAnglesHint.y
      value: 0
      objectReference: {fileID: 0}
    - target: {fileID: 4457246753268085212, guid: 32cce39fb9ec7497d8d2548f1c76c0b1, type: 3}
      propertyPath: m_LocalEulerAnglesHint.z
      value: 0
      objectReference: {fileID: 0}
    m_RemovedComponents: []
    m_RemovedGameObjects: []
    m_AddedGameObjects: []
    m_AddedComponents:
    - targetCorrespondingSourceObject: {fileID: 3931786385735740262, guid: 32cce39fb9ec7497d8d2548f1c76c0b1, type: 3}
      insertIndex: -1
      addedObject: {fileID: 919132149284373592}
  m_SourcePrefab: {fileID: 100100000, guid: 32cce39fb9ec7497d8d2548f1c76c0b1, type: 3}
--- !u!1660057539 &9223372036854775807
SceneRoots:
  m_ObjectHideFlags: 0
  m_Roots:
  - {fileID: 1097253586}
  - {fileID: 1980837718}
  - {fileID: 659637133}
  - {fileID: 215429133}
  - {fileID: 1249063864}
  - {fileID: 1886824968}
